@book{Cormen2013,
    % author    = "Томас Кормен and Чарльз Эрик Лейзерсон and Рональд Линн Ривест and Клиффорд Штайн",
    author    = "Томас Кормен and Чарльз Эрик Лейзерсон and Рональд Линн Ривест",
    title     = "Алгоритмы: построение и анализ",
    edition   = "3",
    address   = "Москва",
    publisher = "ООО ''И. Д. Вильямс''",
    year      = "2013",
    pages     = "1328",
    language = "russian",
}

@book{SosninBalakshin2015,
    author    = "Владимир Владимирович Соснин and Павел Валерьевич Балакшин",
    title     = "Введение в параллельные вычисления",
    address   = "Санкт-Петербург",
    publisher = "Университет ИТМО",
    year      = "2015",
    pages     = "51",
    language  = "russian",
}

@online{Top500,
    title    = "Top 500 supercomputers list",
    url      = "https://www.top500.org/",
    addendum = "(Дата обращения: 12.02.2023)",
    language = "english",
}

@online{SymmetricMultiprocessingWP,
    % title = "Википедия. Симметричная мультипроцессорность",
    % url = "https://ru.wikipedia.org/wiki/Симметричная_многопроцессорность",
    title    = "Symmetric multiprocessing",
    url      = "https://en.wikipedia.org/wiki/Symmetric_multiprocessing",
    addendum = "(Дата обращения: 12.02.2023)",
    language = "english",
}

@online{MassivelyParallelWP,
    % title = "Википедия. Массово-параллельная архитектура",
    % url = "https://ru.wikipedia.org/wiki/Массово-параллельная_архитектура",
    title    = "Massively parallel",
    url      = "https://en.wikipedia.org/wiki/Massively_parallel",
    addendum = "(Дата обращения: 12.02.2023)",
    language = "english",
}

@online{OpenCLWP,
    % title = "Википедия. OpenCL",
    % url = "https://ru.wikipedia.org/wiki/OpenCL",
    title    = "OpenCL",
    url      = "https://en.wikipedia.org/wiki/OpenCL",
    addendum = "(Дата обращения: 12.02.2023)",
    language = "english",
}

@online{GPUProcessingIntro,
    title    = "Введение в GPU-вычисления - CUDA/OpenCL",
    url      = "http://my-it-notes.com/2013/06/gpu-processing-intro-cuda-opencl/",
    addendum = "(Дата обращения: 12.02.2023)",
    language = "russian",
}

@book{Bastrakov2011,
    author    = "Бастраков Сергей Иванович",
    title     = "Программирование на OpenCL",
    address   = "Нижний новгород",
    publisher = "ННГУ",
    year      = "2011",
    pages     = "64",
    language  = "russian",
}

@online{OpenCLOfficial,
    title    = "OpenCL – официальный сайт",
    url      = "http://www.khronos.org/opencl/",
    addendum = "(Дата обращения: 12.02.2023)",
    language = "russian",
}

@book{KandrotSanders2022, 
    author     = "Джейсон Сандерс and Эдвард Кэндрот", 
    translator = "Слинкин, А. А.",
    editor     = "Мовчан, Д. А.",
    title      = "Технология CUDA в примерах. Введение в программирование графических процессоров", 
    address    = "Москва",
    publisher  = "ДМК Пресс", 
    year       = "2018",
    pages      = "232",
    language   = "russian",
}

@book{AntonovMPI2004, 
    author    = "Александр Сергеевич Антонов", 
    title     = "Параллельное программирование с использованием технологии MPI", 
    address   = "Москва",
    publisher = "МГУ", 
    year      = "2004",
    pages     = "72",
    language  = "russian",
}

@book{AntonovOpenMP2004, 
    author    = "Александр Сергеевич Антонов", 
    title     = "Параллельное программирование с использованием технологии OpenMP", 
    address   = "Москва",
    publisher = "МГУ", 
    year      = "2009",
    pages     = "728",
    language  = "russian",
}

@online{ParallelComputingWP,
    % title = "Википедия. Параллельные вычисления",
    % url = "https://ru.wikipedia.org/wiki/Параллельные_вычисления",
    title    = "Concurrent computing",
    url      = "https://en.wikipedia.org/wiki/Concurrent_computing",
    addendum = "(Дата обращения: 12.02.2023)",
    language = "english",
}

@online{DistributedComputingWP,
    % title = "Википедия. Распределённые вычисления",
    % url = "https://ru.wikipedia.org/wiki/Распределённые_вычисления",
    title    = "Distributed computing",
    url      = "https://en.wikipedia.org/wiki/Distributed_computing",
    addendum = "(Дата обращения: 12.02.2023)",
    language = "english",
}

@online{CppISO2011,
    title    = "Стандарт языка С++. ISO/IEC 14882:2011",
    url      = "https://www.iso.org/standard/50372.html",
    addendum = "(Дата обращения: 12.02.2023)",
    language = "english",
}

@online{ABAProblemWP,
    % title = "Википедия. Проблема АВА",
    % url = "https://ru.wikipedia.org/wiki/Проблема_ABA",
    title    = "ABA Problem",
    url      = "https://en.wikipedia.org/wiki/ABA_problem",
    addendum = "(Дата обращения: 12.02.2023)",
    language = "english",
}

@online{ActorModelWP,
    % title = "Википедия. Модель акторов",
    % url = "https://ru.wikipedia.org/wiki/Модель_акторов",
    title    = "Actor model",
    url      = "https://en.wikipedia.org/wiki/Actor_model",
    addendum = "(Дата обращения: 12.02.2023)",
    language = "english",
}

@online{LockFreeHabr,
    title    = "Lock-free структуры данных. Очередной трактат",
    url      = "https://habr.com/ru/post/219201/",
    addendum = "(Дата обращения: 12.02.2023)",
    language = "russian",
}

@online{FalseSharingHabr,
    title    = "False sharing в многопоточном приложении на Java",
    url      = "https://habr.com/ru/post/187752/",
    addendum = "(Дата обращения: 12.02.2023)",
    language = "russian",
}

@online{CudaSyncHabr,
    title    = "CUDA: синхронизация блоков",
    url      = "https://habr.com/ru/articles/151897/",
    addendum = "(Дата обращения: 12.02.2023)",
    language = "russian",
}

@online{LoadLinkStoreConditionalWP,
    title    = "Load-link/store-conditional",
    url      = "https://en.wikipedia.org/wiki/Load-link/store-conditional",
    addendum = "(Дата обращения: 12.02.2023)",
    language = "english",
}

@online{ConcurrentDataStructures,
    title    = "Concurrent Data Structures (libcds)",
    url      = "http://libcds.sourceforge.net/",
    addendum = "(Дата обращения: 12.02.2023)",
    language = "english",
}

@online{MichaelScottQueue,
    title    = "Очередь Майкла и Скотта",
    % url = "https://neerc.ifmo.ru/wiki/index.php?title=Очередь_Майкла_и_Скотта",
    addendum = "URL: \href{https://neerc.ifmo.ru/wiki/index.php?title=Очередь_Майкла_и_Скотта}{https://neerc. \\ ifmo.ru/wiki/index.php?title=Очередь\_Майкла\_и\_Скотта} --- (Дата обращения: 12.02.2023)",
    language = "russian",
}

@book{BaerBarlou1985, 
    author    = "Баер, Ж.-Л. and Барлоу, Р. and Вудворд, М.", 
    title     = "Системы параллельной обработки", 
    address   = "Москва",
    publisher = "Мир", 
    year      = "1985",
    pages     = "416",
    language  = "russian",
}

@book{Valyah1985, 
    author     = "Валях, Е.", 
    title      = "Последовательно-параллельные вычисления", 
    translator = "Николаева, И. А. and Степанова, А. М.",
    address    = "Москва",
    publisher  = "Мир", 
    year       = "1985",
    pages      = "456",
    language   = "russian",
}

@book{Voevodin2002, 
    author    = "Воеводин, В. В. and Воеводин, Вл. В.", 
    title     = "Параллельные вычисления", 
    address   = "Санкт-Петербург",
    publisher = "БХВ Петербург", 
    year      = "2002",
    pages     = "608",
    language  = "russian",
}

@article{Krasnov2002,
    author = {Краснов, М.М. and Феодоритова, О.Б.},
    title = {Применение библиотеки функционального программирования для распараллеливания вычислений на графических ускорителях с технологией CUDA},
    type = {Препринты ИПМ им. М.В.Келдыша},
    booktitle = {Препринты ИПМ им. М.В.Келдыша},
    number = {51},
    journal = {Препринты ИПМ им. М.В.Келдыша},
    address = {Москва},
    publisher = {ИПМ им. М.В.Келдыша},
    year = {2022},
    pages = {1--36},
    language   = "russian",
}

@article {Galiakhmetova2019,
    author   = {Галиахметова, К. Р.},
    title    = {Экспериментальное исследование показателей эффективности параллельного алгоритма с помощью технологии OPENMP},
    journal  = {Вестник студенческого научного общества ГОУ ВПО "Донецкий национальный университет"},
    year     = {2019},
    volume   = {1},
    number   = {11},
    pages    = {108--112},
    language = {russian},
}

@book{Gergel2016,
    author    = "Гергель, В. П.",
    title     = "Теория и практика параллельных вычислений: учебное пособие",
    edition   = "2",
    address   = "Москва",
    publisher = "ИНТУИТ",
    year      = "2016",
    pages     = "500",
    language = "russian",
}

%Гергель, В. П. Теория и практика параллельных вычислений : учебное пособие / В. П. Гергель. — 2-е изд. — Москва : ИНТУИТ, 2016. — 500 с. — ISBN 978-5-94774-645-7. — Текст : электронный // Лань : электронно-библиотечная система. — URL: https://e.lanbook.com/book/100527 (дата обращения: 19.01.2022). — Режим доступа: для авториз. пользователей.